@article{cox1958regression,
  title={The regression analysis of binary sequences},
  author={Cox, David R},
  journal={Journal of the Royal Statistical Society. Series B (Methodological)},
  pages={215--242},
  year={1958},
  publisher={JSTOR}
}

@inproceedings{goldberger2005neighbourhood,
  title={Neighbourhood components analysis},
  author={Goldberger, Jacob and Hinton, Geoffrey E and Roweis, Sam T and Salakhutdinov, Ruslan R},
  booktitle={Advances in neural information processing systems},
  pages={513--520},
  year={2005}
}

@inproceedings{weinberger2006introduction,
  title={An introduction to nonlinear dimensionality reduction by maximum variance unfolding},
  author={Weinberger, Kilian Q and Saul, Lawrence K},
  booktitle={AAAI},
  volume={6},
  pages={1683--1686},
  year={2006}
}

@article{schmidhuber2015deep,
  title={Deep learning in neural networks: An overview},
  author={Schmidhuber, J{\"u}rgen},
  journal={Neural networks},
  volume={61},
  pages={85--117},
  year={2015},
  publisher={Elsevier}
}

@inproceedings{jia2014caffe,
  title={Caffe: Convolutional architecture for fast feature embedding},
  author={Jia, Yangqing and Shelhamer, Evan and Donahue, Jeff and Karayev, Sergey and Long, Jonathan and Girshick, Ross and Guadarrama, Sergio and Darrell, Trevor},
  booktitle={Proceedings of the 22nd ACM international conference on Multimedia},
  pages={675--678},
  year={2014},
  organization={ACM}
}

@article{abadi2016tensorflow,
  title={Tensorflow: Large-scale machine learning on heterogeneous distributed systems},
  author={Abadi, Mart{\'\i}n and Agarwal, Ashish and Barham, Paul and Brevdo, Eugene and Chen, Zhifeng and Citro, Craig and Corrado, Greg S and Davis, Andy and Dean, Jeffrey and Devin, Matthieu and others},
  journal={arXiv preprint arXiv:1603.04467},
  year={2016}
}

@misc{chollet2015,
author = {Fran√ßois Chollet },
title = {keras},
year = {2015},
publisher = {GitHub},
journal = {GitHub repository},
howpublished = {\url{https://github.com/fchollet/keras}},
commit = {f2501c4}
}

@article{pedregosa2011scikit,
  title={Scikit-learn: Machine learning in Python},
  author={Pedregosa, Fabian and Varoquaux, Ga{\"e}l and Gramfort, Alexandre and Michel, Vincent and Thirion, Bertrand and Grisel, Olivier and Blondel, Mathieu and Prettenhofer, Peter and Weiss, Ron and Dubourg, Vincent and others},
  journal={Journal of Machine Learning Research},
  volume={12},
  number={Oct},
  pages={2825--2830},
  year={2011}
}

@article{jones2014scipy,
  title={$\{$SciPy$\}$: open source scientific tools for $\{$Python$\}$},
  author={Jones, Eric and Oliphant, Travis and Peterson, Pearu},
  year={2014}
}

@article{mlpack2013,
  title     = {{MLPACK}: A Scalable {C++} Machine Learning Library},
  author    = {Curtin, Ryan R. and Cline, James R. and Slagle, Neil P. and
               March, William B. and Ram, P. and Mehta, Nishant A. and Gray,
               Alexander G.},
  journal   = {Journal of Machine Learning Research},
  volume    = {14},
  pages     = {801--805},
  year      = {2013}
}
